<record xmlns="http://www.loc.gov/MARC21/slim" xmlns:xsi="http://www.w3.org/2001/XMLSchema-instance" xsi:schemaLocation="http://www.loc.gov/MARC21/slim http://www.loc.gov/standards/marcxml/schema/MARC21slim.xsd"><leader>     nam a22        4500</leader><controlfield tag="001">3076806</controlfield><controlfield tag="003">NNC</controlfield><controlfield tag="006">m        d        </controlfield><controlfield tag="007">cr cn |||m|||a</controlfield><controlfield tag="008">150313s1960    iq      ob    001 0 ara d</controlfield><datafield ind1=" " ind2=" " tag="040"><subfield code="a">NNU</subfield><subfield code="b">eng</subfield><subfield code="e">rda</subfield><subfield code="c">NNU</subfield></datafield><datafield ind1=" " ind2=" " tag="043"><subfield code="a">a-iq---</subfield></datafield><datafield ind1=" " ind2="4" tag="050"><subfield code="a">PJ8040</subfield><subfield code="b">.I92 1960</subfield></datafield><datafield ind1="1" ind2=" " tag="100"><subfield code="6">880-01</subfield><subfield code="a">&#699;Izz al-Di&#772;n, Yu&#772;suf.</subfield></datafield><datafield ind1="1" ind2="3" tag="245"><subfield code="a">Al-shi&#699;r al-&#699;Ira&#772;qi&#772; al-h&#803;adi&#772;th wa-athar al-tayya&#772;ra&#772;t al-siya&#772;si&#772;yah wa-al-ijtima&#772;&#699;i&#772;yah /</subfield><subfield code="c">Yu&#772;suf &#699;Izz al-Di&#772;n.</subfield></datafield><datafield ind1="1" ind2="5" tag="246"><subfield code="a">Modern Iraqi poetry :</subfield><subfield code="b">the influence of the political and social trends</subfield></datafield><datafield ind1=" " ind2=" " tag="260"><subfield code="6">880-02</subfield><subfield code="a">Baghda&#772;d :</subfield><subfield code="b">Mat&#803;ba&#699;at As&#699;ad,</subfield><subfield code="c">1960.</subfield></datafield><datafield ind1=" " ind2=" " tag="300"><subfield code="a">online resource (312 pages)</subfield></datafield><datafield ind1=" " ind2=" " tag="336"><subfield code="a">text</subfield><subfield code="2">rdacontent</subfield></datafield><datafield ind1=" " ind2=" " tag="337"><subfield code="a">computer</subfield><subfield code="2">rdamedia</subfield></datafield><datafield ind1=" " ind2=" " tag="338"><subfield code="a">online resource</subfield><subfield code="2">rdacarrier</subfield></datafield><datafield ind1=" " ind2=" " tag="500"><subfield code="a">Added t.p.: Modern Iraqi poetry : the influence of the political and social trends [by] Yousif Izzidien.</subfield></datafield><datafield ind1=" " ind2=" " tag="500"><subfield code="a">Errata slip included.</subfield></datafield><datafield ind1=" " ind2=" " tag="500"><subfield code="a">Part of the Arabic Collections Online (ACO) project, contributed by Columbia University Libraries.</subfield></datafield><datafield ind1=" " ind2=" " tag="504"><subfield code="a">Includes bibliographical references.</subfield></datafield><datafield ind1=" " ind2=" " tag="533"><subfield code="a">Electronic reproduction.</subfield><subfield code="b">New York, N.Y. :</subfield><subfield code="c">New York University,</subfield><subfield code="d">2015.</subfield><subfield code="5">NNU</subfield></datafield><datafield ind1=" " ind2="0" tag="650"><subfield code="a">Arabic poetry</subfield><subfield code="z">Iraq</subfield><subfield code="x">History and criticism.</subfield></datafield><datafield ind1=" " ind2="0" tag="650"><subfield code="a">Political poetry, Arabic</subfield><subfield code="x">History and criticism.</subfield></datafield><datafield ind1=" " ind2="7" tag="650"><subfield code="a">Arabic poetry.</subfield><subfield code="2">fast</subfield><subfield code="0">(OCoLC)fst00812533</subfield></datafield><datafield ind1=" " ind2="7" tag="650"><subfield code="a">Political poetry, Arabic.</subfield><subfield code="2">fast</subfield><subfield code="0">(OCoLC)fst01069522</subfield></datafield><datafield ind1=" " ind2="7" tag="651"><subfield code="a">Iraq.</subfield><subfield code="2">fast</subfield><subfield code="0">(OCoLC)fst01205757</subfield></datafield><datafield ind1=" " ind2="7" tag="655"><subfield code="a">Criticism, interpretation, etc.</subfield><subfield code="2">fast</subfield><subfield code="0">(OCoLC)fst01411635</subfield></datafield><datafield ind1="2" ind2=" " tag="710"><subfield code="a">Columbia University.</subfield><subfield code="b">Libraries.</subfield></datafield><datafield ind1="0" ind2=" " tag="730"><subfield code="a">Arabic Collections Online.</subfield></datafield><datafield ind1="0" ind2="8" tag="776"><subfield code="i">Print version:</subfield><subfield code="a">&#699;Izz al-Di&#772;n, Yu&#772;suf.</subfield><subfield code="t">Al-shi&#699;r al-&#699;Ira&#772;qi&#772; al-h&#803;adi&#772;th wa-athar al-tayya&#772;ra&#772;t al-siya&#772;si&#772;yah wa-al-ijtima&#772;&#699;i&#772;yah</subfield><subfield code="w">(NNC)3076806</subfield><subfield code="w">(OCoLC)43195451</subfield></datafield><datafield ind1="4" ind2="0" tag="856"><subfield code="u">http://hdl.handle.net/2333.1/cvdncn67</subfield></datafield><datafield ind1="1" ind2=" " tag="880"><subfield code="6">100-01/r</subfield><subfield code="a">&#1593;&#1586; &#1575;&#1604;&#1583;&#1610;&#1606;&#1548; &#1610;&#1608;&#1587;&#1601;.</subfield></datafield><datafield ind1="1" ind2="2" tag="880"><subfield code="6">245-00/r</subfield><subfield code="a">&#1575;&#1604;&#1588;&#1593;&#1585; &#1575;&#1604;&#1593;&#1585;&#1575;&#1602;&#1610; &#1575;&#1604;&#1581;&#1583;&#1610;&#1579; :</subfield><subfield code="b">&#1608;&#1575;&#1579;&#1585; &#1575;&#1604;&#1578;&#1610;&#1575;&#1585;&#1575;&#1578; &#1575;&#1604;&#1587;&#1610;&#1575;&#1587;&#1610;&#1577; &#1608;&#1575;&#1604;&#1575;&#1580;&#1578;&#1605;&#1575;&#1593;&#1610;&#1577; /</subfield><subfield code="c">&#1578;&#1571;&#1604;&#1610;&#1601; &#1610;&#1608;&#1587;&#1601; &#1593;&#1586; &#1575;&#1604;&#1583;&#1610;&#1606;.</subfield></datafield><datafield ind1=" " ind2=" " tag="880"><subfield code="6">260-02/r</subfield><subfield code="a">&#1576;&#1594;&#1583;&#1575;&#1583; :</subfield><subfield code="b">&#1605;&#1591;&#1576;&#1593;&#1577; &#1575;&#1587;&#1593;&#1583;&#1548;</subfield><subfield code="c">1960.</subfield></datafield><datafield ind1=" " ind2=" " tag="959"><subfield code="a">NNU</subfield><subfield code="b">WEB</subfield><subfield code="c">GENI</subfield><subfield code="t">0</subfield><subfield code="m">Electronic access</subfield><subfield code="s">01</subfield></datafield><datafield ind1=" " ind2=" " tag="999"><subfield code="i">NNC_3076806</subfield><subfield code="o">(OCoLC)ocm43195451 </subfield><subfield code="s">columbia_aco000478</subfield><subfield code="e">(ERROR-880)</subfield></datafield></record>